@ONLINE{tch_webcomp,
  author = {Wikipedia},
  title = {WebComponents},
  url = {https://en.wikipedia.org/wiki/Web_Components/}
}

@ONLINE{tch_custom,
  author = {WebComponents.org contributors},
  title = {CustomElements},
  url = {http://webcomponents.org/polyfills/custom-elements/}
}

@ONLINE{tch_dom,
  author = {WebComponents.org contributors},
  title = {Shadow-DOM},
  url = {http://webcomponents.org/polyfills/shadow-dom/}
}

@ONLINE{tch_polymer1,
  author = {Polymer Authors},
  title = {Custom elements extend the web},
  url = {https://www.polymer-project.org/1.0/docs/start/what-is-polymer.html}
}
@ONLINE{tch_polymer2,
  author = {Pankaj Parashar},
  title = {CAn Introduction to Web Components and Polymer},
  url = {http://www.sitepoint.com/introduction-to-web-components-and-polymer-tutorial/}
}

@ONLINE{arc_asp,
  author = {Mike Wasson},
  title = {Single Page Application: Build Modern Responsive Webapps with ASP.NET},
  url = {https://msdn.microsoft.com/en-us/magazine/dn463786.aspx}
}